<record><leader>00000cas a22000007i 4500</leader><controlfield tag="001">30853719</controlfield><controlfield tag="008">940729d18791uuunhumr ne      0    0eng d</controlfield><datafield ind1=" " ind2=" " tag="010"><subfield code="a">sn 94051242 </subfield></datafield><datafield ind1=" " ind2=" " tag="040"><subfield code="a">CNK</subfield><subfield code="b">eng</subfield><subfield code="e">rda</subfield><subfield code="c">CNK</subfield><subfield code="d">OCLCQ</subfield><subfield code="d">OCLCF</subfield><subfield code="d">OCLCO</subfield><subfield code="d">CZL</subfield><subfield code="d">OCL</subfield></datafield><datafield ind1="1" ind2=" " tag="029"><subfield code="a">AU@</subfield><subfield code="b">000025861763</subfield></datafield><datafield ind1=" " ind2=" " tag="042"><subfield code="a">msc</subfield></datafield><datafield ind1=" " ind2=" " tag="043"><subfield code="a">n-us-nh</subfield></datafield><datafield ind1=" " ind2=" " tag="090"><subfield code="a">PN4827</subfield><subfield code="b">.C43 box A-H</subfield></datafield><datafield ind1="0" ind2="4" tag="245"><subfield code="a">The Catchall.</subfield></datafield><datafield ind1=" " ind2="1" tag="264"><subfield code="a">Lebanon, N.H. :</subfield><subfield code="b">W.M. Richardson &amp; Company,</subfield></datafield><datafield ind1=" " ind2=" " tag="300"><subfield code="a">volume ;</subfield><subfield code="c">23-27 cm</subfield></datafield><datafield ind1=" " ind2=" " tag="310"><subfield code="a">Monthly.</subfield></datafield><datafield ind1=" " ind2=" " tag="336"><subfield code="a">text</subfield><subfield code="b">txt</subfield><subfield code="2">rdacontent</subfield></datafield><datafield ind1=" " ind2=" " tag="337"><subfield code="a">unmediated</subfield><subfield code="b">n</subfield><subfield code="2">rdamedia</subfield></datafield><datafield ind1=" " ind2=" " tag="338"><subfield code="a">volume</subfield><subfield code="b">nc</subfield><subfield code="2">rdacarrier</subfield></datafield><datafield ind1="1" ind2=" " tag="362"><subfield code="a">Began with Jan. 1879?</subfield></datafield><datafield ind1=" " ind2=" " tag="500"><subfield code="a">Editor: W. M. Richardson.</subfield></datafield><datafield ind1=" " ind2=" " tag="500"><subfield code="a">"A literary amatur journal"--Publishing statement, July 1879 issue.</subfield></datafield><datafield ind1=" " ind2=" " tag="500"><subfield code="a">Mar. 1879 issue includes supplement.</subfield></datafield><datafield ind1=" " ind2=" " tag="588"><subfield code="a">Description based on: Vol. 1, no. 3 (Mar. 1879); title from caption.</subfield></datafield><datafield ind1=" " ind2=" " tag="588"><subfield code="a">Latest issue consulted: Vol. 2, no. 2 (Aug. 1879)</subfield></datafield><datafield ind1=" " ind2="0" tag="650"><subfield code="a">Amateur journalism</subfield><subfield code="z">New Hampshire</subfield><subfield code="z">Lebanon</subfield><subfield code="v">Periodicals.</subfield></datafield><datafield ind1=" " ind2="0" tag="650"><subfield code="a">Literature</subfield><subfield code="v">Periodicals.</subfield></datafield><datafield ind1=" " ind2="7" tag="655"><subfield code="a">Periodicals.</subfield><subfield code="2">fast</subfield><subfield code="0">(OCoLC)fst01411641</subfield></datafield><datafield ind1=" " ind2="7" tag="650"><subfield code="a">Amateur journalism.</subfield><subfield code="2">fast</subfield><subfield code="0">(OCoLC)fst00806670</subfield></datafield><datafield ind1=" " ind2="7" tag="650"><subfield code="a">Literature.</subfield><subfield code="2">fast</subfield><subfield code="0">(OCoLC)fst00999953</subfield></datafield><datafield ind1=" " ind2="7" tag="651"><subfield code="a">New Hampshire</subfield><subfield code="z">Lebanon.</subfield><subfield code="2">fast</subfield><subfield code="0">(OCoLC)fst01224075</subfield></datafield><datafield ind1="1" ind2=" " tag="700"><subfield code="a">Richardson, W. M.,</subfield><subfield code="d">1856-1895,</subfield><subfield code="e">editor</subfield></datafield><datafield ind1=" " ind2=" " tag="752"><subfield code="a">United States</subfield><subfield code="b">New Hampshire</subfield><subfield code="c">Grafton</subfield><subfield code="d">Lebanon.</subfield></datafield></record>